<record><leader>00000cas a22000007a 4500</leader><controlfield tag="001">25169163</controlfield><controlfield tag="008">920127d18761880ctuwr ne      0    0eng d</controlfield><datafield ind1=" " ind2=" " tag="010"><subfield code="a">sn 92051130 </subfield></datafield><datafield ind1=" " ind2=" " tag="040"><subfield code="a">CNW</subfield><subfield code="b">eng</subfield><subfield code="c">CNW</subfield><subfield code="d">OCLCQ</subfield><subfield code="d">OCLCF</subfield><subfield code="d">OCLCO</subfield></datafield><datafield ind1="1" ind2=" " tag="029"><subfield code="a">AU@</subfield><subfield code="b">000025898662</subfield></datafield><datafield ind1=" " ind2=" " tag="042"><subfield code="a">msc</subfield></datafield><datafield ind1=" " ind2=" " tag="043"><subfield code="a">n-us-ct</subfield></datafield><datafield ind1="0" ind2=" " tag="130"><subfield code="a">New Haven union (New Haven, Conn. : 1876 : Weekly)</subfield></datafield><datafield ind1="1" ind2="4" tag="245"><subfield code="a">The New Haven union.</subfield></datafield><datafield ind1="1" ind2="7" tag="246"><subfield code="a">Weekly union</subfield></datafield><datafield ind1=" " ind2=" " tag="260"><subfield code="a">New Haven, Conn. :</subfield><subfield code="b">Union Print. Co.</subfield></datafield><datafield ind1=" " ind2=" " tag="300"><subfield code="a">v.</subfield></datafield><datafield ind1=" " ind2=" " tag="310"><subfield code="a">Weekly</subfield></datafield><datafield ind1="0" ind2=" " tag="362"><subfield code="a">Vol. 3, no. 1 (Jan. 6, 1876)-v. 10, no. 43 (Oct. 28, 1880).</subfield></datafield><datafield ind1=" " ind2=" " tag="580"><subfield code="a">Daily ed.: New Haven union (New Haven, Conn. : 1876 : Daily).</subfield></datafield><datafield ind1=" " ind2="0" tag="651"><subfield code="a">New Haven (Conn.)</subfield><subfield code="v">Newspapers.</subfield></datafield><datafield ind1=" " ind2="7" tag="655"><subfield code="a">Newspapers.</subfield><subfield code="2">fast</subfield><subfield code="0">(OCoLC)fst01423814</subfield></datafield><datafield ind1=" " ind2="7" tag="651"><subfield code="a">Connecticut</subfield><subfield code="z">New Haven.</subfield><subfield code="2">fast</subfield><subfield code="0">(OCoLC)fst01206280</subfield></datafield><datafield ind1=" " ind2=" " tag="752"><subfield code="a">United States</subfield><subfield code="b">Connecticut</subfield><subfield code="c">New Haven</subfield><subfield code="d">New Haven.</subfield></datafield><datafield ind1="0" ind2=" " tag="775"><subfield code="t">New Haven union (New Haven, Conn. : 1876 : Daily)</subfield><subfield code="w">(DLC)sn 84022997</subfield><subfield code="w">(OCoLC)10687944</subfield></datafield><datafield ind1="0" ind2="0" tag="780"><subfield code="t">New Haven weekly union (New Haven, Conn. : 1874)</subfield><subfield code="w">(DLC)sn 92051129</subfield><subfield code="w">(OCoLC)25169279</subfield></datafield><datafield ind1="0" ind2="0" tag="785"><subfield code="t">New Haven weekly union (New Haven, Conn. : 1880)</subfield><subfield code="w">(DLC)sn 95063151</subfield><subfield code="w">(OCoLC)33099889</subfield></datafield></record>